@online{ai-wikipedia,
  author={Wikipedia},
  title={Die Revolution der Medizin},
  url={https://www.pwc.de/de/gesundheitswesen-und-pharma/wie-kuenstliche-intelligenz-das-gesundheitssystem-revolutioniert.html},
  urldate={2023-04-20},
  year={2023}
}

@online{example,
  title={The Title of the Book},
  author={The Author},
  publisher={The Publisher},
  year={2017},
}